@book{goossens93,
    author    = "Michel Goossens and Frank Mittlebach and Alexander Samarin",
    title     = "The Latex Companion",
    year      = "1993",
    publisher = "Addison-Wesley",
    address   = "Reading, Massachusetts"
}

@book{lee,
  author = "John M. Lee",
  title  = "Riemannian Manifolds - An Introduction to Curvature",
  year   = "1997",
  publisher = "Springer-Verlag",
  address = "New York Berlin Heidelberg"
}

